<record><leader>00000cas a22000007a 4500</leader><controlfield tag="001">18386920</controlfield><controlfield tag="008">880822d19671968ohuwr ne      0    0eng d</controlfield><datafield ind1=" " ind2=" " tag="010"><subfield code="a">sn 88077755 </subfield></datafield><datafield ind1=" " ind2=" " tag="040"><subfield code="a">ONP</subfield><subfield code="b">eng</subfield><subfield code="c">ONP</subfield><subfield code="d">OCLCQ</subfield></datafield><datafield ind1=" " ind2=" " tag="042"><subfield code="a">msc</subfield></datafield><datafield ind1="0" ind2="0" tag="245"><subfield code="a">South rural-urban spectator.</subfield></datafield><datafield ind1="3" ind2="0" tag="246"><subfield code="a">Southside rural urban spectator</subfield></datafield><datafield ind1=" " ind2=" " tag="260"><subfield code="a">Columbus, Ohio :</subfield><subfield code="b">Spectator Print. &amp; Pub. Co.,</subfield><subfield code="c">1967-1968.</subfield></datafield><datafield ind1=" " ind2=" " tag="310"><subfield code="a">Weekly</subfield></datafield><datafield ind1="0" ind2=" " tag="362"><subfield code="a">Vol. 12, no. 42 (Jan. 4, 1967)-v. 14, no. 14 (June 20, 1968).</subfield></datafield><datafield ind1=" " ind2=" " tag="500"><subfield code="a">Published as: Southside rural urban spectator, Apr. 11, 1968-June 20, 1968.</subfield></datafield><datafield ind1=" " ind2=" " tag="752"><subfield code="a">United States</subfield><subfield code="b">Ohio</subfield><subfield code="c">Franklin</subfield><subfield code="d">Columbus.</subfield></datafield><datafield ind1="0" ind2="0" tag="780"><subfield code="t">South side spectator</subfield><subfield code="w">(DLC)sn 88077754</subfield></datafield><datafield ind1="0" ind2="0" tag="785"><subfield code="t">Spectator (South ed.)</subfield><subfield code="w">(DLC)sn 88077756</subfield></datafield></record>